<record><leader>01022cam a2200301 a 4500</leader><controlfield tag="001">1360593</controlfield><controlfield tag="008">910305s1985    ii                0 eng d</controlfield><datafield ind1=" " ind2=" " tag="035"><subfield code="a">ocm60046809</subfield></datafield><datafield ind1=" " ind2=" " tag="040"><subfield code="b">eng</subfield></datafield><datafield ind1=" " ind2=" " tag="043"><subfield code="a">a-ii---</subfield></datafield><datafield ind1=" " ind2=" " tag="049"><subfield code="a">AEU</subfield><subfield code="b">eng</subfield></datafield><datafield ind1=" " ind2="3" tag="055"><subfield code="a">TA 190</subfield><subfield code="b">V3165 I985</subfield></datafield><datafield ind1="0" ind2=" " tag="090"><subfield code="a">TA 190 V3165 1985</subfield></datafield><datafield ind1="1" ind2=" " tag="100"><subfield code="a">Varma, Mahesh.</subfield></datafield><datafield ind1="1" ind2="0" tag="245"><subfield code="a">Construction planning and management through system techniques /</subfield><subfield code="c">by Mahesh Varma ; foreword by R.L. Peurifoy.</subfield></datafield><datafield ind1=" " ind2=" " tag="250"><subfield code="a">3rd ed.</subfield></datafield><datafield ind1=" " ind2=" " tag="260"><subfield code="a">New Delhi :</subfield><subfield code="b">Metropolitan,</subfield><subfield code="c">1985.</subfield></datafield><datafield ind1=" " ind2=" " tag="300"><subfield code="a">xv, 416 p. :</subfield><subfield code="b">ill. ;</subfield><subfield code="c">25 cm.</subfield></datafield><datafield ind1=" " ind2=" " tag="336"><subfield code="a">text</subfield><subfield code="b">txt</subfield><subfield code="2">rdacontent</subfield></datafield><datafield ind1=" " ind2=" " tag="337"><subfield code="a">unmediated</subfield><subfield code="b">n</subfield><subfield code="2">rdamedia</subfield></datafield><datafield ind1=" " ind2=" " tag="338"><subfield code="a">volume</subfield><subfield code="b">nc</subfield><subfield code="2">rdacarrier</subfield></datafield><datafield ind1=" " ind2=" " tag="500"><subfield code="a">Includes index.</subfield></datafield><datafield ind1=" " ind2=" " tag="504"><subfield code="a">Bibliography: p. 381-386.</subfield></datafield><datafield ind1=" " ind2=" " tag="596"><subfield code="a">38</subfield></datafield><datafield ind1=" " ind2="0" tag="650"><subfield code="a">Engineering</subfield><subfield code="x">Management.</subfield></datafield><datafield ind1=" " ind2="0" tag="650"><subfield code="a">Engineering</subfield><subfield code="x">Estimates.</subfield></datafield><datafield ind1=" " ind2="0" tag="650"><subfield code="a">Construction industry</subfield><subfield code="x">Management.</subfield></datafield><datafield ind1=" " ind2=" " tag="926"><subfield code="a">TA 190 V3165 1985</subfield><subfield code="w">LC</subfield><subfield code="c">1</subfield><subfield code="i">000035853068</subfield><subfield code="d">12/10/2001</subfield><subfield code="l">ON_SHELF</subfield><subfield code="m">UABARD</subfield><subfield code="n">1</subfield><subfield code="p">$150.00</subfield><subfield code="r">Y</subfield><subfield code="s">Y</subfield><subfield code="t">BOOK</subfield><subfield code="u">3/13/1991</subfield><subfield code="o">.STAFF. A0054323</subfield></datafield></record>